@misc{forensiquedef,
  author       = {Wikipedia},
  title        = {Analyse forensique},
  howpublished = {\url{https://fr.wikipedia.org/wiki/Analyse_forensique}},
  note         = {Consulté le 3 juin 2025},
  year         = {2025}
}

@misc{pentestdef,
  author       = {Wikipedia2},
  title        = {Test d'intrusion},
  howpublished = {\url{https://fr.wikipedia.org/wiki/Test_d'intrusion}},
  note         = {Consulté le 3 juin 2025},
  year         = {2025}
}
